@inproceedings{GTC2016LAB,
author = {Etancelin, Jean-Matthieu},
booktitle = {GPU Technology Conference},
keywords = {myfutureconf},
title = {{Hands on Labs: Advanced Tools for GPU Cluster}},
year = {2016}
}
@inproceedings{GTC2016ONERA,
author = {{Le Gouez}, Jean-Marie and Etancelin, Jean-Matthieu},
booktitle = {GPU Technology Conference},
file = {:Users/jmetancelin/ROMEO/Productions/2016/GTC2016_JMLeGouez_S6241.pdf:pdf},
keywords = {myconfint},
title = {{An Optimized Solver for Unsteady Transonic Aerodynamics and Aeroacoustics Around Wing Profiles}},
year = {2016}
}
@inproceedings{LeGouez2015,
author = {{Le Gouez}, Jean-Marie and Etancelin, Jean-Matthieu},
booktitle = {4th International Conference on Turbulence and Interactions},
file = {:Users/jmetancelin/ROMEO/Productions/2015/NextFlow_TI2015_4.pdf:pdf},
keywords = {myconfint},
title = {{Numerical properties and GPU implementation of a high-order finite volume scheme on unstructured grids to model transitional flows}},
url = {http://ti2015.onera.fr/schedule},
year = {2015}
}
@inproceedings{Balarac2014,
author = {Balarac, Guillaume and Cottet, Georges-Henri and Etancelin, Jean-Matthieu and Lagaert, Jean-Baptiste and Perignon, Franck and Picard, Christophe},
booktitle = {Proceedings of the Forum of Mathematics for industry},
doi = {10.1007/978-4-431-54907-9_18},
file = {:Users/jmetancelin/These/Bibliography/Maths/Balarac2013.pdf:pdf},
keywords = {myconfint},
pages = {245--255},
title = {{Multi-scale problems, high performance computing and hybrid numerical methods}},
url = {https://hal.archives-ouvertes.fr/hal-00949669},
volume = {1},
year = {2014}
}
@article{Etancelin2014,
author = {Cottet, Georges-Henri and Etancelin, Jean-Matthieu and Perignon, Franck and Picard, Christophe},
doi = {10.1051/m2an/2014009},
file = {:Users/jmetancelin/These/SVN/parmes/trunk/Comm/2013/Article_AnaNum_GPU/published_version.pdf:pdf},
journal = {ESAIM: Mathematical Modelling and Numerical Analysis},
keywords = {advection equations,and phrases,gpu computing,myarticleint,particle methods,semi-lagrangian methods},
number = {4},
pages = {1029--1060 (IF : 1.631)},
title = {{High order semi-lagrangian particles for transport equations: numerical analysis and implementations issues}},
url = {https://hal.archives-ouvertes.fr/hal-00991150},
volume = {48},
year = {2014}
}
@inproceedings{Etancelin2014a,
author = {Etancelin, Jean-Matthieu and Cottet, Georges-Henri and Perignon, Franck and Picard, Christophe},
booktitle = {26th International Conference on Parallel Computational Fluid Dynamics},
file = {:Users/jmetancelin/These/Bibliography/My/ParCFD2014.pdf:pdf},
keywords = {hybrid computing,multi-scale method,myconfint,remeshed particle method},
pages = {83--84},
title = {{Multi-CPU and multi-GPU hybrid computations of multi-scale scalar transport}},
url = {https://hal.archives-ouvertes.fr/hal-00982986},
year = {2014}
}
@article{Etancelin2013b,
author = {Cottet, Georges-Henri and Etancelin, Jean-Matthieu and Perignon, Franck and Picard, Christophe and {De Vuyst}, Florian and Labourdette, Christophe},
doi = {10.5802/ambp.322},
file = {:Users/jmetancelin/These/Bibliography/My/article_all.pdf:pdf},
journal = {Annales math{\'{e}}matiques Blaise Pascal},
keywords = {myconfnat},
number = {1},
pages = {75--99},
title = {{Is GPU the future of Scientific Computing ?}},
url = {https://hal.archives-ouvertes.fr/hal-00780565},
volume = {20},
year = {2013}
}
@inproceedings{Etancelin2013c,
abstract = {In order to achieve its promise of providing information technologies (IT) on demand, cloud computing needs to rely on a mathematical model capable of directing IT on and off according to a demand pattern to provide a true elasticity. This article provides a first method to reach this goal using a “fluid type” partial differential equations model. On the one hand it examines the question of service time optimization for the simultaneous satisfaction of the cloud consumer and provider. On the other hand it tries to model a way to deliver resources according to the real time capacity of the cloud that depends on parameters such as burst requests and application timeouts. All these questions are illustrated via an implicit finite volume scheme.},
author = {Etancelin, Jean-Matthieu and Faure, Sylvain and Fevrier, Tony and Huynh, Chuyen},
booktitle = {ESAIM: Proceedings},
doi = {10.1051/proc/201343009},
file = {:Users/jmetancelin/These/Bibliography/My/CEMRACS_2012.pdf:pdf},
keywords = {myconfnat},
number = {0},
pages = {136--146},
title = {{Macroscopic modelization of the cloud elasticity}},
url = {https://hal.archives-ouvertes.fr/hal-00936569},
volume = {43},
year = {2013}
}
@inproceedings{Germain,
author = {Germain, Gregory and Maganga, Fabrice and Gaurier, Benoit and Facq, Jean-Valery and Bacchetti, Thomas and Pinon, Gr{\'{e}}gory and Rivoalen, Elie and Etancelin, Jean-Matthieu},
booktitle = {12{\`{e}}mes journ{\'{e}}es de l'hydrodynamique},
file = {:Users/jmetancelin/These/Bibliography/My/Germain_2010.pdf:pdf},
keywords = {mycomm},
title = {{Vers une caract{\'{e}}risation r{\'{e}}aliste des conditions de fonctionnement des hydroliennes}},
url = {http://archimer.ifremer.fr/doc/00021/13263/},
year = {2010}
}
